<record xmlns="http://www.loc.gov/MARC21/slim">
   <leader>04534nam a2200397 i 4500</leader>
   <controlfield tag="001">6748981</controlfield>
   <controlfield tag="003">FlBoTFG</controlfield>
   <controlfield tag="005">20141121161956.0</controlfield>
   <controlfield tag="006">m|||||o||d||||||||</controlfield>
   <controlfield tag="007">cr||||</controlfield>
   <controlfield tag="008">141121t20152015flua    ob    001 0 eng d</controlfield>
   <datafield ind1=" " ind2=" " tag="020">
      <subfield code="a">9781482245219 (e-book : PDF)</subfield>
   </datafield>
   <datafield ind1=" " ind2=" " tag="035">
      <subfield code="a">ocn897459285</subfield>
   </datafield>
   <datafield ind1=" " ind2=" " tag="039">
      <subfield code="a">exclude</subfield>
   </datafield>
   <datafield ind1=" " ind2=" " tag="040">
      <subfield code="a">FlBoTFG</subfield>
      <subfield code="b">eng</subfield>
      <subfield code="c">FlBoTFG</subfield>
      <subfield code="e">rda</subfield>
      <subfield code="d">AEU</subfield>
   </datafield>
   <datafield ind1=" " ind2="4" tag="050">
      <subfield code="a">TP248.27.M53</subfield>
      <subfield code="b">M5154 2015</subfield>
   </datafield>
   <datafield ind1=" " ind2=" " tag="090">
      <subfield code="a">Internet Access</subfield>
      <subfield code="b">AEU</subfield>
   </datafield>
   <datafield ind1="0" ind2=" " tag="130">
      <subfield code="a">Microbial biotechnology (Harzevili)</subfield>
   </datafield>
   <datafield ind1="1" ind2="0" tag="245">
      <subfield code="a">Microbial biotechnology :</subfield>
      <subfield code="b">progress and trends /</subfield>
      <subfield code="c">edited by Farshad Darvishi Harzevili, Hongzhang Chen.</subfield>
   </datafield>
   <datafield ind1=" " ind2="1" tag="264">
      <subfield code="a">Boca Raton  :</subfield>
      <subfield code="b">Taylor &amp; Francis,</subfield>
      <subfield code="c">[2015]</subfield>
   </datafield>
   <datafield ind1=" " ind2="4" tag="264">
      <subfield code="c">©2015</subfield>
   </datafield>
   <datafield ind1=" " ind2=" " tag="300">
      <subfield code="a">1 online resource.</subfield>
   </datafield>
   <datafield ind1=" " ind2=" " tag="336">
      <subfield code="a">text</subfield>
      <subfield code="2">rdacontent</subfield>
   </datafield>
   <datafield ind1=" " ind2=" " tag="337">
      <subfield code="a">computer</subfield>
      <subfield code="2">rdamedia</subfield>
   </datafield>
   <datafield ind1=" " ind2=" " tag="338">
      <subfield code="a">online resource</subfield>
      <subfield code="2">rdacarrier</subfield>
   </datafield>
   <datafield ind1=" " ind2=" " tag="504">
      <subfield code="a">Includes bibliographical references and index.</subfield>
   </datafield>
   <datafield ind1="0" ind2=" " tag="505">
      <subfield code="a">Microbial biotechnology : an introduction / Farshad Darvishi Harzevili -- Screening of microbial metabolites and bioactive components / R. Baskaran, P.M. Mohan, S. Ganesamoorthy and Ashok K. Rathoure -- Metagenomics as advanced screening methods for novel microbial metabolites / Sakshi Sharma and Jyoti Vakhlu -- Genetic engineering of nonconventional yeasts for the production of valuable compounds / Andriy Sibirny, Catherine Madzak and Patrick Fickers -- Induced anhydrobiosis : powerful method for preservation of industrial microorganisms / Armando Hernández García -- Recent developments in solid-state fermentation : Chinese herbs as substrate / Hongzhang Chen and Guanhua Li -- Microbial biofuels production / Anoop Singh and Poonam Singh Nigam -- Microbial production of organic acids / Sarafadeen Olateju Kareem and Temitope Banjo -- Microbial amino acids production / Zafar Alam Mahmood -- Probiotics : the possible alternative to disease chemotherapy / Adel M. Mahasneh and Muna M. Abbas -- Microbial healthcare products / Zafar Alam Mahmood and Saad Bin Zafar Mahmood -- Microbial biomass production / Ashok K. Rathoure -- Microbial biofertilizers and their pilot-scale production / Santosh Kumar Sethi, Jayanti Kumari Sahu and Siba Prasad Adhikary -- Bacterial biocontrol agents / Rikita Gupta and Jyoti Vakhlu -- Microbial biodegradation of polycyclic aromatic hydrocarbons / Pankaj Kumar Jain.</subfield>
   </datafield>
   <datafield ind1=" " ind2=" " tag="520">
      <subfield code="a">"Preface Microbial biotechnology is a technology based on microbiology. Microbial biotechnology is the use of microorganisms and their derivatives to make or modify specific products or processes. Microbial biotechnology is closely related to applied and industrial microbiology. Microbial biotechnology is sometimes considered synonymous with modern industrial microbiology. The microorganisms used in industrial processes are natural, laboratory-selected mutants, or genetically engineered strains to obtain an economically valuable product or activity on a commercial and large scale. Natural and mixed microbial strains were used in ancient or traditional industrial microbiology, whereas pure or mutant microbial strains are used in classic industrial microbiology. The use of genetically engineered microbial strains began with modern industrial microbiology or microbial biotechnology. Microbial biotechnology is an interdisciplinary field, and successful development in this field requires major contributions a wide range of disciplines, particularly microbiology, biochemistry, genetics, molecular biology, chemistry, chemical engineering, mathematics, computer technology, and so on. Recently, new methods of metabolic engineering, industrial systems biology, bioinformatics, and X-omics science such as genomics, metagenomics, transcriptomics, proteomics, metabolomics, fluxomics, and even nanobiotechnology, have been used to find and modify microorganisms with industrial capacity and their valuable products. In general, the creation of products in industrial microbiology and microbial biotechnology are typically investigated under upstream processes, fermentation processes, and downstream processes"--Provided by publisher.</subfield>
   </datafield>
   <datafield ind1=" " ind2=" " tag="596">
      <subfield code="a">44</subfield>
   </datafield>
   <datafield ind1=" " ind2="0" tag="650">
      <subfield code="a">Microbial biotechnology.</subfield>
   </datafield>
   <datafield ind1=" " ind2="0" tag="650">
      <subfield code="a">Industrial microbiology.</subfield>
   </datafield>
   <datafield ind1="1" ind2=" " tag="700">
      <subfield code="a">Harzevili, Farshad Darvishi,</subfield>
      <subfield code="e">editor.</subfield>
   </datafield>
   <datafield ind1="1" ind2=" " tag="700">
      <subfield code="a">Chen, Hongzhang,</subfield>
      <subfield code="e">editor.</subfield>
   </datafield>
   <datafield ind1="4" ind2="0" tag="856">
      <subfield code="3">University of Alberta Access</subfield>
      <subfield code="u">http://marc.crcnetbase.com/isbn/9781482245219</subfield>
      <subfield code="z">(Unlimited Concurrent Users)</subfield>
   </datafield>
   <datafield ind1=" " ind2=" " tag="949">
      <subfield code="h">UAIN</subfield>
      <subfield code="z">CRC</subfield>
   </datafield>
   <datafield ind1=" " ind2=" " tag="926">
      <subfield code="a">Internet Access</subfield>
      <subfield code="w">LC</subfield>
      <subfield code="c">1</subfield>
      <subfield code="i">6748981-1001</subfield>
      <subfield code="l">INTERNET</subfield>
      <subfield code="m">UAINTERNET</subfield>
      <subfield code="r">Y</subfield>
      <subfield code="s">Y</subfield>
      <subfield code="t">E-RESOURCE</subfield>
      <subfield code="u">12/2/2014</subfield>
      <subfield code="x">E-BOOK</subfield>
      <subfield code="z">CRC</subfield>
   </datafield>
</record>
